@book{shreve2004stochastic,
  title={Stochastic calculus for finance II: Continuous-time models},
  author={Shreve, Steven E},
  volume={11},
  year={2004},
  publisher={Springer Science \& Business Media}
}